%%%%%%%%%%  SPARSE DECOMPOSITIONS  %%%%%%%%%%%%%%%%%%%%%%%%%%%%%%%%%%%%%%%%%%%%%

% SYNTHESIS

% Gabriel: Sparse Synthesis
@article{peyre2009sparse,
  title={Sparse modeling of textures},
  author={Peyr{\'e}, G.},
  journal={Journal of Mathematical Imaging and Vision},
  volume={34},
  number={1},
  pages={17--31},
  year={2009},
  publisher={Springer}
}


% PATCHES DECOMPOSITION

% Introduction of sparsity
@article{olshausen1996natural,
  title={Natural image statistics and efficient coding*},
  author={Olshausen, B.A. and Field, D.J.},
  journal={Network: computation in neural systems},
  volume={7},
  number={2},
  pages={333--339},
  year={1996},
  publisher={Informa UK Ltd UK}
}

% K-SVD Sparse decomposition
@inproceedings{elad2006image,
  title={Image denoising via learned dictionaries and sparse representation},
  author={Elad, M. and Aharon, M.},
  booktitle={Computer Vision and Pattern Recognition, 2006 IEEE Computer Society Conference on},
  volume={1},
  pages={895--900},
  year={2006},
  organization={IEEE}
}

% K-SVD Algorithm
@article{aharon2006ksvd,
  title={{K-SVD}: An Algorithm for Designing Overcomplete Dictionaries for Sparse Representation},
  author={Aharon, M. and Elad, M. and Bruckstein, A.},
  journal={Signal Processing, IEEE Transactions on},
  volume={54},
  number={11},
  pages={4311--4322},
  year={2006},
  publisher={IEEE}
}

% MOD Algorithm
@inproceedings{engan1999method,
  title={Method of optimal directions for frame design},
  author={Engan, K. and Aase, S.O. and Hakon Husoy, J.},
  booktitle={Acoustics, Speech, and Signal Processing, 1999. Proceedings., 1999 IEEE International Conference on},
  volume={5},
  pages={2443--2446},
  year={1999},
  organization={IEEE}
}

% Introduction of epitoms in sparse patch-based decomposition.
% Several references for sparse coding.
@article{aharon2008sparse,
  title={Sparse and redundant modeling of image content using an image-signature-dictionary},
  author={Aharon, M. and Elad, M.},
  journal={SIAM Journal on Imaging Sciences},
  volume={1},
  number={3},
  pages={228--247},
  year={2008},
  publisher={Citeseer}
}


% TRANSLATION-INVARIANT

% Reference to 1D shift-invariant dictionary
@article{blumensath2006sparse,
  title={Sparse and shift-invariant representations of music},
  author={Blumensath, T. and Davies, M.},
  journal={Audio, Speech, and Language Processing, IEEE Transactions on},
  volume={14},
  number={1},
  pages={50--57},
  year={2006},
  publisher={IEEE}
}


% THEORITICAL TOOLS

% Book of Stephane Mallat
@book{mallat2000exploration,
  title={Une exploration des signaux en ondelettes},
  author={Mallat, S.},
  year={2000},
  publisher={Editions Ecole Polytechnique}
}

% Steerable pyuramid
@article{simoncelli1992shiftable,
  title={Shiftable multiscale transforms},
  author={Simoncelli, E.P. and Freeman, W.T. and Adelson, E.H. and Heeger, D.J.},
  journal={Information Theory, IEEE Transactions on},
  volume={38},
  number={2},
  pages={587--607},
  year={1992},
  publisher={IEEE}
}

% Matching Pursuit
@article{mallat1993matching,
  title={Matching pursuits with time-frequency dictionaries},
  author={Mallat, S. and Zhang, Z.},
  journal={Signal Processing, IEEE Transactions on},
  volume={41},
  number={12},
  pages={3397--3415},
  year={1993},
  publisher={IEEE}
}

% Forward-Backward Splitting
@article{combettes2005signal,
  title={Signal recovery by proximal forward-backward splitting},
  author={Combettes, P.L. and Wajs, V.R.},
  journal={Multiscale Modeling \& Simulation},
  volume={4},
  number={4},
  pages={1168--1200},
  year={2005},
  publisher={SIAM}
}

% NP-completion of the sparse decomposition problem
@article{davis1997adaptive,
  title={Adaptive greedy approximations},
  author={Davis, G. and Mallat, S. and Avellaneda, M.},
  journal={Constructive approximation},
  volume={13},
  number={1},
  pages={57--98},
  year={1997},
  publisher={Springer}
}

% Theoretical result on sparse decomposition problem
% Several good references.
@article{tropp2004greed,
  title={Greed is good: Algorithmic results for sparse approximation},
  author={Tropp, J.A.},
  journal={Information Theory, IEEE Transactions on},
  volume={50},
  number={10},
  pages={2231--2242},
  year={2004},
  publisher={IEEE}
}

% Theoritical result on convex relaxation of sparse problems
@article{tropp2006just,
  title={Just relax: Convex programming methods for identifying sparse signals in noise},
  author={Tropp, J.A.},
  journal={Information Theory, IEEE Transactions on},
  volume={52},
  number={3},
  pages={1030--1051},
  year={2006},
  publisher={IEEE}
}

% Periodic + smooth decomposition
@article{moisan2011periodic,
  title={Periodic plus smooth image decomposition},
  author={Moisan, L.},
  journal={Journal of Mathematical Imaging and Vision},
  volume={39},
  number={2},
  pages={161--179},
  year={2011},
  publisher={Springer}
}


%%%%%%%%%%  TEXTURE SYNTHESIS ALGORITHMS  %%%%%%%%%%%%%%%%%%%%%%%%%%%%%%%%%%%%%%

% SSVM paper
@article{tartavel2013constrained,
  title={Constrained Sparse Texture Synthesis},
  author={Tartavel, G. and Gousseau, Y. and Peyr{\'e}, G.},
  journal={Proceedings of SSVM'13},
  year={2013}
}


% STATE OF THE ART

% State of the art of examplar-based texture synthesis
@InProceedings{Wei2009,
  author = {Wei, L.Y. and Lefebvre, S. and Kwatra, V. and Turk, G.},
  title = {State of the Art in Example-based Texture Synthesis},
  booktitle = {Eurographics 2009, State of the Art Report, EG-STAR},
  year = {2009},
  publisher = {Eurographics Association},
  keywords = {example based texture synthesis}
}


% PIXEL-BASED

% Reference (1/2) for the non-parametric random field model
@inproceedings{efros1999texture,
  title={Texture synthesis by non-parametric sampling},
  author={Efros, A.A. and Leung, T.K.},
  booktitle={Computer Vision, 1999. The Proceedings of the Seventh IEEE International Conference on},
  volume={2},
  pages={1033--1038},
  year={1999},
  organization={IEEE}
}

% IPOL demo for Efros-Leung
@article{aguerrebere2013exemplar,
  title   = {{Exemplar-based Texture Synthesis: the Efros-Leung Algorithm}},
  author  = {Aguerrebere, C. and Gousseau, Y. and Tartavel, G.},
  journal = {{Image Processing On Line}},
  volume  = {2013},
  pages   = {213--231},
  year    = {2013}
}

% IPOL demo for random phases
@article{ipol:galerne,
  title={Micro-Texture Synthesis by Phase Randomization},
  journal={Image Processing On Line},
  howpublished={\url{http://www.ipol.im/}},
  author={Galerne, B. and Gouseau, Y. and Morel, J.-M.},
  year={2011}
}

% IPOL demo for Heeger
@article{ipol:heeger,
  title={The Heeger and Bergen Pyramid Based Texture Synthesis Algorithm.},
  journal={Image Processing On Line, preprint},
  howpublished={\url{http://www.ipol.im/}},
  author={Briand, T. and Vacher, J. and Galerne, B. and Rabin, J.},
  year={2013}
}

% Reference (2/2) for the non-parametric random field model
@inproceedings{wei2000fast,
  title={Fast texture synthesis using tree-structured vector quantization},
  author={Wei, L.Y. and Levoy, M.},
  booktitle={SIGGRAPH '00},
  pages={479--488},
  year={2000},
  organization={ACM Press/Addison-Wesley Publishing Co.}
}

% Multi-scale approach with confidence map
@inproceedings{drori2003fragment,
  title={Fragment-based image completion},
  author={Drori, I. and Cohen-Or, D. and Yeshurun, H.},
  booktitle={ACM Transactions on Graphics (TOG)},
  volume={22},
  number={3},
  pages={303--312},
  year={2003},
  organization={ACM}
}

% Pixel-based texture refinement.
% Each patch is replaced by the closest one in an exemplar image
@inproceedings{kwatra2005texture,
  title={Texture optimization for example-based synthesis},
  author={Kwatra, V. and Essa, I. and Bobick, A. and Kwatra, N.},
  booktitle={ACM Transactions on Graphics (TOG)},
  volume={24},
  number={3},
  pages={795--802},
  year={2005},
  organization={ACM}
}

% Improvement and parallelization of the pixel-based state-of-the-art method
@article{lefebvre2005parallel,
  title={Parallel controllable texture synthesis},
  author={Lefebvre, S. and Hoppe, H.},
  journal={ACM Transactions on Graphics (TOG)},
  volume={24},
  number={3},
  pages={777--786},
  year={2005},
  publisher={ACM}
}

% Video inpainting, multi-scale approach
@inproceedings{wexler2004space,
  title={Space-time video completion},
  author={Wexler, Y. and Shechtman, E. and Irani, M.},
  booktitle={Computer Vision and Pattern Recognition, 2004. CVPR 2004. Proceedings of the 2004 IEEE Computer Society Conference on},
  volume={1},
  pages={I--120},
  year={2004},
  organization={IEEE}
}


% PATCH-BASED

% Reference for the patch-based model
@inproceedings{efros2001image,
  title={Image quilting for texture synthesis and transfer},
  author={Efros, A.A. and Freeman, W.T.},
  booktitle={Proceedings of the 28th annual conference on Computer graphics and interactive techniques},
  pages={341--346},
  year={2001},
  organization={ACM}
}

% Improvement of the patch-based state-of-the-art texture synthesis
@article{kwatra2003graphcut,
  title={Graphcut textures: Image and video synthesis using graph cuts},
  author={Kwatra, V. and Schodl, A. and Essa, I. and Turk, G. and Bobick, A.},
  journal={ACM Transactions on Graphics},
  volume={22},
  number={3},
  pages={277--286},
  year={2003},
  publisher={ACM ASSOCIATION FOR COMPUTING MACHINERY}
}


% MARKOV

% Reference for the parametric random field model
@article{cross1983markov,
  title={Markov random field texture models},
  author={Cross, G.R. and Jain, A.K.},
  journal={Pattern Analysis and Machine Intelligence, IEEE Transactions on},
  volume={5},
  number={1},
  pages={25--39},
  year={1983},
  publisher={IEEE}
}

% A Markov model for texture based on the coefficients of a bank of filters
@article{zhu1998filters,
  title={Filters, random fields and maximum entropy ({FRAME}): Towards a unified theory for texture modeling},
  author={Zhu, S.C. and Wu, Y. and Mumford, D.},
  journal={International Journal of Computer Vision},
  volume={27},
  number={2},
  pages={107--126},
  year={1998},
  publisher={Springer}
}

% Energy minimization
@article{ramanarayanan2007constrained,
  title={Constrained texture synthesis via energy minimization},
  author={Ramanarayanan, G. and Bala, K.},
  journal={Visualization and Computer Graphics, IEEE Transactions on},
  volume={13},
  number={1},
  pages={167--178},
  year={2007},
  publisher={IEEE}
}


% PYRAMIDAL DECOMPOSITION

% Reference for statistical methods (1st order)
@inproceedings{Heeger1995,
  author = {Heeger, D.J. and Bergen, J.R.},
  title = {Pyramid-based texture analysis/synthesis},
  booktitle = {SIGGRAPH '95},
  pages={229--238},
  year = {1995}
}

% Reference for multi-scale decomposition
@inproceedings{Bonet1997,
  title={Multiresolution sampling procedure for analysis and synthesis of texture images},
  author={De Bonet, J.S.},
  booktitle={Proceedings of the 24th annual conference on Computer graphics and interactive techniques},
  pages={361--368},
  year={1997}
}

% Reference for statistical methods (2nd order)
@article{portilla2000parametric,
  title={A parametric texture model based on joint statistics of complex wavelet coefficients},
  author={Portilla, J. and Simoncelli, E.P.},
  journal={International Journal of Computer Vision},
  volume={40},
  number={1},
  pages={49--70},
  year={2000},
  publisher={Springer}
}


% OTHER STATISTICAL / PROBABILISTIC APPROACHES

% Analysis and algorithm of the miminax entropy principle as a model for texture
@article{zhu1997minimax,
  title={Minimax entropy principle and its application to texture modeling},
  author={Zhu, S.C. and Wu, Y.N. and Mumford, D.},
  journal={Neural Computation},
  volume={9},
  number={8},
  pages={1627--1660},
  year={1997},
  publisher={MIT Press}
}

% Reference for statistical methods (power spectrum)
@article{galerne2011random,
  title={Random phase textures: Theory and synthesis},
  author={Galerne, B. and Gousseau, Y. and Morel, J.M.},
  journal={Image Processing, IEEE Transactions on},
  volume={20},
  number={1},
  pages={257--267},
  year={2011}
}


% Compact representation as a Texton
@inproceedings{desolneux2012compact,
  title={A compact representation of random phase and Gaussian textures},
  author={Desolneux, A. and Moisan, L. and Ronsin, S.},
  booktitle={Acoustics, Speech and Signal Processing (ICASSP), 2012 IEEE International Conference on},
  pages={1381--1384},
  year={2012},
  organization={IEEE}
}

@inproceedings{xia2012compact,
  title={Compact representations of stationary dynamic textures},
  author={Xia, Gui-Song and Ferradans, Sira and Peyr{\'e}, Gabriel and Aujol, Jean-Fran{\c{c}}ois},
  booktitle={Image Processing (ICIP), 2012 19th IEEE International Conference on},
  pages={2993--2996},
  year={2012},
  organization={IEEE}
}


% PROCEDURAL NOISE

% Recent state of the art
@article{lagae2010state,
  title={State of the art in procedural noise functions},
  author={Lagae, A. and Lefebvre, S. and Cook, R. and Derose, T. and Drettakis, G. and Ebert, D.S. and Lewis, J.P. and Perlin, K. and Zwicker, M.},
  journal={EG 2010-State of the Art Reports},
  year={2010}
}

% Perlin noise
@article{perlin1985image,
  title={An image synthesizer},
  author={Perlin, K.},
  journal={SIGGRAPH Comput. Graph.},
  volume={19},
  number={3},
  pages={287--296},
  year={1985},
  publisher={ACM}
}

% Gabor noise
@inproceedings{lagae2009procedural,
  title={Procedural noise using sparse Gabor convolution},
  author={Lagae, A. and Lefebvre, S. and Drettakis, G. and Dutr{\'e}, P.},
  booktitle={ACM Transactions on Graphics (TOG)},
  volume={28},
  number={3},
  pages={54},
  year={2009},
  organization={ACM}
}

% Gabor noise by example
@article{galerne2012gabor,
  title={Gabor noise by example},
  author={Galerne, B. and Lagae, A. and Lefebvre, S. and Drettakis, G.},
  journal={ACM Transactions on Graphics (TOG)},
  volume={31},
  number={4},
  pages={73},
  year={2012},
  publisher={ACM}
}


%%%%%%%%%%  DEAD LEAVES  %%%%%%%%%%%%%%%%%%%%%%%%%%%%%%%%%%%%%%%%%%%%%%%%%%%%%%%

% Original description
@article{matheron1968modele,
  title={Modele s{\'e}quentiel de partition al{\'e}atoire},
  author={Matheron, G.},
  journal={rapport technique},
  pages={102},
  year={1968}
}

% First article introducing Dead Leaves in images
@article{alvarez1999size,
  title={The size of objects in natural and artificial images},
  author={Alvarez, L. and Gousseau, Y. and Morel, J.M.},
  journal={Advances in Imaging and Electron Physics},
  volume={111},
  pages={167--242},
  year={1999},
  publisher={Elsevier}
}

% Long article of Mumford on the Dead Leaves model
@article{lee2001occlusion,
  title={Occlusion models for natural images: A statistical study of a scale-invariant dead leaves model},
  author={Lee, A.B. and Mumford, D. and Huang, J.},
  journal={International Journal of Computer Vision},
  volume={41},
  number={1-2},
  pages={35--59},
  year={2001},
  publisher={Springer}
}

% Short paper of Yann & Francois about dead leaves denoising
@inproceedings{gousseau2005geometrical,
  title={A geometrical a priori for capturing the regularity of images},
  author={Gousseau, Y. and Roueff, F.},
  year={2005},
  organization={EUSIPCO}
}

% Long article of Yann on the Dead Leaves model
@article{gousseau2007modeling,
  title={Modeling occlusion and scaling in natural images},
  author={Gousseau, Y. and Roueff, F.},
  journal={Multiscale Modeling \& Simulation},
  volume={6},
  number={1},
  pages={105--134},
  year={2007},
  publisher={SIAM}
}

% Wavelet denoising using a Generalized Laplacian law
@inproceedings{simoncelli1996noise,
  title={Noise removal via Bayesian wavelet coring},
  author={Simoncelli, E.P. and Adelson, E.H.},
  booktitle={Image Processing, 1996. Proceedings., International Conference on},
  volume={1},
  pages={379--382},
  year={1996},
  organization={IEEE}
}


%%%%%%%%%%  OTHERS REFERENCES  %%%%%%%%%%%%%%%%%%%%%%%%%%%%%%%%%%%%%%%%%%%%%%%%%

% Texture perception according to its moments
@article{Julesz1981,
  author = {Julesz, B.},
  title = {A theory of preattentive texture discrimination based on first-order statistics of textons},
  year = {1981},
  month = {August},
  journal = {Biological Cybernetics},
  volume = {41},
  number = {2},
  pages = {131-138}
}

@article{julesz1962visual,
  title={Visual pattern discrimination},
  author={Julesz, Bela},
  journal={Information Theory, IRE Transactions on},
  volume={8},
  number={2},
  pages={84--92},
  year={1962},
  publisher={IEEE}
}

% NL-means
@inproceedings{buades2005non,
  title={A non-local algorithm for image denoising},
  author={Buades, A. and Coll, B. and Morel, J.M.},
  booktitle={Computer Vision and Pattern Recognition, 2005. CVPR 2005. IEEE Computer Society Conference on},
  volume={2},
  pages={60--65},
  year={2005},
  organization={IEEE}
}

% The Hungarian algorithm
@article{kuhn1955hungarian,
  title={The Hungarian method for the assignment problem},
  author={Kuhn, H.W},
  journal={Naval research logistics quarterly},
  volume={2},
  number={1-2},
  pages={83--97},
  year={1955},
  publisher={Wiley Online Library}
}

% Color histogram transfer
@inproceedings{pitie2005n,
  title={N-dimensional probability density function transfer and its application to color transfer},
  author={Pitie, F. and Kokaram, A.C. and Dahyot, R.},
  booktitle={Computer Vision, 2005. ICCV 2005. Tenth IEEE International Conference on},
  volume={2},
  pages={1434--1439},
  year={2005},
  organization={IEEE}
}

% Sliced Wasserstein distance
@article{rabin2012wasserstein,
  title={Wasserstein barycenter and its application to texture mixing},
  author={Rabin, J. and Peyr{\'e}, G. and Delon, J. and Bernot, M.},
  journal={Scale Space and Variational Methods in Computer Vision},
  pages={435--446},
  year={2012},
  publisher={Springer}
}

% Convergence of averaged projections
@article{lewis2009local,
  title={Local linear convergence for alternating and averaged nonconvex projections},
  author={Lewis, Adrian S and Luke, David Russel and Malick, J{\'e}r{\^o}me},
  journal={Foundations of Computational Mathematics},
  volume={9},
  number={4},
  pages={485--513},
  year={2009},
  publisher={Springer}
}

% Analysis of distance functions
@article{poliquin2000local,
  title={Local differentiability of distance functions},
  author={Poliquin, R. and Rockafellar, R. and Thibault, L.},
  journal={Transactions of the American Mathematical Society},
  volume={352},
  number={11},
  pages={5231--5249},
  year={2000}
}

% Phase retrieval
@article{bauschke2002phase,
  title={Phase retrieval, error reduction algorithm, and Fienup variants: a view from convex optimization},
  author={Bauschke, Heinz H and Combettes, Patrick L and Luke, D Russell},
  journal={JOSA A},
  volume={19},
  number={7},
  pages={1334--1345},
  year={2002},
  publisher={Optical Society of America}
}

% Multi-image stitching to create panoramas
@article{summa2012panorama,
  title={Panorama weaving: fast and flexible seam processing},
  author={Summa, B. and Tierny, J. and Pascucci, V.},
  journal={ACM Transactions on Graphics (TOG)},
  volume={31},
  number={4},
  pages={83},
  year={2012},
  publisher={ACM}
}

% Brodatz database
@book{brodatz1966textures,
  title={Textures: a photographic album for artists and designers},
  author={Brodatz, P.},
  volume={66},
  year={1966},
  publisher={Dover New York}
}

% VisTex database
@article{pickard1995vistex,
  title={Vistex database},
  author={Pickard, R and Graszyk, C and Mann, S and Wachman, J and Pickard, L and Campbell, L},
  journal={Media Lab., MIT, Cambridge, Massachusetts},
  year={1995}
}